{
    "symbol": "CSIQ",
    "annualReports": [
        {
            "fiscalDateEnding": "2021-12-31",
            "reportedCurrency": "USD",
            "grossProfit": "909312000",
            "totalRevenue": "5277169000",
            "costOfRevenue": "4367857000",
            "costofGoodsAndServicesSold": "4367857000",
            "operatingIncome": "190381000",
            "sellingGeneralAndAdministrative": "308942000",
            "researchAndDevelopment": "58407000",
            "operatingExpenses": "718931000",
            "investmentIncomeNet": "None",
            "netInterestIncome": "-47102000",
            "interestIncome": "11051000",
            "interestExpense": "58153000",
            "nonInterestIncome": "None",
            "otherNonOperatingIncome": "None",
            "depreciation": "None",
            "depreciationAndAmortization": "None",
            "incomeBeforeTax": "138464000",
            "incomeTaxExpense": "35844000",
            "interestAndDebtExpense": "None",
            "netIncomeFromContinuingOperations": "109876000",
            "comprehensiveIncomeNetOfTax": "None",
            "ebit": "190381000",
            "ebitda": "189245000",
            "netIncome": "95248000"
        },
        {
            "fiscalDateEnding": "2020-12-31",
            "reportedCurrency": "USD",
            "grossProfit": "689914000",
            "totalRevenue": "3476495000",
            "costOfRevenue": "2786581000",
            "costofGoodsAndServicesSold": "2786581000",
            "operatingIncome": "220430000",
            "sellingGeneralAndAdministrative": "225597000",
            "researchAndDevelopment": "45167000",
            "operatingExpenses": "470762000",
            "investmentIncomeNet": "None",
            "netInterestIncome": "-62568000",
            "interestIncome": "9306000",
            "interestExpense": "71874000",
            "nonInterestIncome": "None",
            "otherNonOperatingIncome": "None",
            "depreciation": "None",
            "depreciationAndAmortization": "209118000",
            "incomeBeforeTax": "134484000",
            "incomeTaxExpense": "-1983000",
            "interestAndDebtExpense": "None",
            "netIncomeFromContinuingOperations": "147246000",
            "comprehensiveIncomeNetOfTax": "None",
            "ebit": "216594000",
            "ebitda": "425712000",
            "netIncome": "146703000"
        },
        {
            "fiscalDateEnding": "2019-12-31",
            "reportedCurrency": "USD",
            "grossProfit": "718497000",
            "totalRevenue": "3200583000",
            "costOfRevenue": "2482086000",
            "costofGoodsAndServicesSold": "2482086000",
            "operatingIncome": "258879000",
            "sellingGeneralAndAdministrative": "242783000",
            "researchAndDevelopment": "47045000",
            "operatingExpenses": "460057000",
            "investmentIncomeNet": "None",
            "netInterestIncome": "-69287000",
            "interestIncome": "12039000",
            "interestExpense": "81326000",
            "nonInterestIncome": "None",
            "otherNonOperatingIncome": "None",
            "depreciation": "None",
            "depreciationAndAmortization": "159723000",
            "incomeBeforeTax": "179673000",
            "incomeTaxExpense": "42066000",
            "interestAndDebtExpense": "None",
            "netIncomeFromContinuingOperations": "166555000",
            "comprehensiveIncomeNetOfTax": "None",
            "ebit": "294977000",
            "ebitda": "454700000",
            "netIncome": "171585000"
        },
        {
            "fiscalDateEnding": "2018-12-31",
            "reportedCurrency": "USD",
            "grossProfit": "775082000",
            "totalRevenue": "3744512000",
            "costOfRevenue": "2969430000",
            "costofGoodsAndServicesSold": "2969430000",
            "operatingIncome": "364657000",
            "sellingGeneralAndAdministrative": "245376000",
            "researchAndDevelopment": "44193000",
            "operatingExpenses": "443958000",
            "investmentIncomeNet": "None",
            "netInterestIncome": "-94825000",
            "interestIncome": "11207000",
            "interestExpense": "106032000",
            "nonInterestIncome": "None",
            "otherNonOperatingIncome": "None",
            "depreciation": "None",
            "depreciationAndAmortization": "129256000",
            "incomeBeforeTax": "298492000",
            "incomeTaxExpense": "61969000",
            "interestAndDebtExpense": "None",
            "netIncomeFromContinuingOperations": "242431000",
            "comprehensiveIncomeNetOfTax": "None",
            "ebit": "405071000",
            "ebitda": "534327000",
            "netIncome": "237070000"
        },
        {
            "fiscalDateEnding": "2017-12-31",
            "reportedCurrency": "USD",
            "grossProfit": "637598000",
            "totalRevenue": "3390393000",
            "costOfRevenue": "2752795000",
            "costofGoodsAndServicesSold": "2752795000",
            "operatingIncome": "228264000",
            "sellingGeneralAndAdministrative": "230998000",
            "researchAndDevelopment": "28777000",
            "operatingExpenses": "409334000",
            "investmentIncomeNet": "None",
            "netInterestIncome": "-107494000",
            "interestIncome": "10477000",
            "interestExpense": "117971000",
            "nonInterestIncome": "None",
            "otherNonOperatingIncome": "None",
            "depreciation": "None",
            "depreciationAndAmortization": "99273000",
            "incomeBeforeTax": "134523000",
            "incomeTaxExpense": "40951000",
            "interestAndDebtExpense": "None",
            "netIncomeFromContinuingOperations": "102983000",
            "comprehensiveIncomeNetOfTax": "None",
            "ebit": "258494000",
            "ebitda": "357767000",
            "netIncome": "99572000"
        }
    ],
    "quarterlyReports": [
        {
            "fiscalDateEnding": "2022-03-31",
            "reportedCurrency": "USD",
            "grossProfit": "180891000",
            "totalRevenue": "1250349000",
            "costOfRevenue": "1069458000",
            "costofGoodsAndServicesSold": "1069458000",
            "operatingIncome": "15515000",
            "sellingGeneralAndAdministrative": "171655000",
            "researchAndDevelopment": "13280000",
            "operatingExpenses": "1234834000",
            "investmentIncomeNet": "None",
            "netInterestIncome": "-11090000",
            "interestIncome": "4212000",
            "interestExpense": "15302000",
            "nonInterestIncome": "None",
            "otherNonOperatingIncome": "None",
            "depreciation": "None",
            "depreciationAndAmortization": "None",
            "incomeBeforeTax": "2025000",
            "incomeTaxExpense": "-5183000",
            "interestAndDebtExpense": "None",
            "netIncomeFromContinuingOperations": "8934000",
            "comprehensiveIncomeNetOfTax": "None",
            "ebit": "15515000",
            "ebitda": "17327000",
            "netIncome": "9207000"
        },
        {
            "fiscalDateEnding": "2021-12-31",
            "reportedCurrency": "USD",
            "grossProfit": "301294000",
            "totalRevenue": "1528719000",
            "costOfRevenue": "1227425000",
            "costofGoodsAndServicesSold": "1227425000",
            "operatingIncome": "67425000",
            "sellingGeneralAndAdministrative": "89663000",
            "researchAndDevelopment": "19306000",
            "operatingExpenses": "233869000",
            "investmentIncomeNet": "None",
            "netInterestIncome": "-12819000",
            "interestIncome": "2713000",
            "interestExpense": "15532000",
            "nonInterestIncome": "None",
            "otherNonOperatingIncome": "None",
            "depreciation": "None",
            "depreciationAndAmortization": "None",
            "incomeBeforeTax": "64481000",
            "incomeTaxExpense": "26516000",
            "interestAndDebtExpense": "None",
            "netIncomeFromContinuingOperations": "39612000",
            "comprehensiveIncomeNetOfTax": "None",
            "ebit": "67425000",
            "ebitda": "68012000",
            "netIncome": "25964000"
        },
        {
            "fiscalDateEnding": "2021-09-30",
            "reportedCurrency": "USD",
            "grossProfit": "228629000",
            "totalRevenue": "1229450000",
            "costOfRevenue": "1000821000",
            "costofGoodsAndServicesSold": "1000821000",
            "operatingIncome": "53093000",
            "sellingGeneralAndAdministrative": "83244000",
            "researchAndDevelopment": "13493000",
            "operatingExpenses": "175536000",
            "investmentIncomeNet": "None",
            "netInterestIncome": "-10900000",
            "interestIncome": "2253000",
            "interestExpense": "13153000",
            "nonInterestIncome": "None",
            "otherNonOperatingIncome": "None",
            "depreciation": "None",
            "depreciationAndAmortization": "None",
            "incomeBeforeTax": "31428000",
            "incomeTaxExpense": "-2879000",
            "interestAndDebtExpense": "None",
            "netIncomeFromContinuingOperations": "38128000",
            "comprehensiveIncomeNetOfTax": "None",
            "ebit": "53093000",
            "ebitda": "45518000",
            "netIncome": "35244000"
        },
        {
            "fiscalDateEnding": "2021-06-30",
            "reportedCurrency": "USD",
            "grossProfit": "184787000",
            "totalRevenue": "1429661000",
            "costOfRevenue": "1244874000",
            "costofGoodsAndServicesSold": "1244874000",
            "operatingIncome": "26380000",
            "sellingGeneralAndAdministrative": "68578000",
            "researchAndDevelopment": "13158000",
            "operatingExpenses": "158407000",
            "investmentIncomeNet": "None",
            "netInterestIncome": "-11958000",
            "interestIncome": "2837000",
            "interestExpense": "14795000",
            "nonInterestIncome": "None",
            "otherNonOperatingIncome": "None",
            "depreciation": "None",
            "depreciationAndAmortization": "None",
            "incomeBeforeTax": "16310000",
            "incomeTaxExpense": "-1645000",
            "interestAndDebtExpense": "None",
            "netIncomeFromContinuingOperations": "18540000",
            "comprehensiveIncomeNetOfTax": "None",
            "ebit": "26380000",
            "ebitda": "24411000",
            "netIncome": "11261000"
        },
        {
            "fiscalDateEnding": "2021-03-31",
            "reportedCurrency": "USD",
            "grossProfit": "194602000",
            "totalRevenue": "1089339000",
            "costOfRevenue": "894737000",
            "costofGoodsAndServicesSold": "894737000",
            "operatingIncome": "43483000",
            "sellingGeneralAndAdministrative": "67457000",
            "researchAndDevelopment": "12450000",
            "operatingExpenses": "151119000",
            "investmentIncomeNet": "None",
            "netInterestIncome": "-11425000",
            "interestIncome": "3248000",
            "interestExpense": "14673000",
            "nonInterestIncome": "None",
            "otherNonOperatingIncome": "None",
            "depreciation": "None",
            "depreciationAndAmortization": "None",
            "incomeBeforeTax": "26245000",
            "incomeTaxExpense": "13852000",
            "interestAndDebtExpense": "None",
            "netIncomeFromContinuingOperations": "13596000",
            "comprehensiveIncomeNetOfTax": "None",
            "ebit": "43483000",
            "ebitda": "51304000",
            "netIncome": "22779000"
        },
        {
            "fiscalDateEnding": "2020-12-31",
            "reportedCurrency": "USD",
            "grossProfit": "141088000",
            "totalRevenue": "1040654000",
            "costOfRevenue": "899566000",
            "costofGoodsAndServicesSold": "899566000",
            "operatingIncome": "1202000",
            "sellingGeneralAndAdministrative": "70099000",
            "researchAndDevelopment": "10040000",
            "operatingExpenses": "139886000",
            "investmentIncomeNet": "None",
            "netInterestIncome": "-15569000",
            "interestIncome": "2415000",
            "interestExpense": "17984000",
            "nonInterestIncome": "None",
            "otherNonOperatingIncome": "None",
            "depreciation": "None",
            "depreciationAndAmortization": "None",
            "incomeBeforeTax": "1339000",
            "incomeTaxExpense": "-2460000",
            "interestAndDebtExpense": "None",
            "netIncomeFromContinuingOperations": "6719000",
            "comprehensiveIncomeNetOfTax": "None",
            "ebit": "1339000",
            "ebitda": "22159000",
            "netIncome": "6635000"
        },
        {
            "fiscalDateEnding": "2020-09-30",
            "reportedCurrency": "USD",
            "grossProfit": "178417000",
            "totalRevenue": "914360000",
            "costOfRevenue": "735943000",
            "costofGoodsAndServicesSold": "735943000",
            "operatingIncome": "59047000",
            "sellingGeneralAndAdministrative": "56183000",
            "researchAndDevelopment": "14147000",
            "operatingExpenses": "119370000",
            "investmentIncomeNet": "None",
            "netInterestIncome": "-15886000",
            "interestIncome": "2031000",
            "interestExpense": "17917000",
            "nonInterestIncome": "None",
            "otherNonOperatingIncome": "None",
            "depreciation": "None",
            "depreciationAndAmortization": "None",
            "incomeBeforeTax": "23394000",
            "incomeTaxExpense": "20632000",
            "interestAndDebtExpense": "None",
            "netIncomeFromContinuingOperations": "8867000",
            "comprehensiveIncomeNetOfTax": "None",
            "ebit": "23394000",
            "ebitda": "47382000",
            "netIncome": "8833000"
        },
        {
            "fiscalDateEnding": "2020-06-30",
            "reportedCurrency": "USD",
            "grossProfit": "147212000",
            "totalRevenue": "695846000",
            "costOfRevenue": "548634000",
            "costofGoodsAndServicesSold": "548634000",
            "operatingIncome": "45468000",
            "sellingGeneralAndAdministrative": "46354000",
            "researchAndDevelopment": "10924000",
            "operatingExpenses": "101744000",
            "investmentIncomeNet": "None",
            "netInterestIncome": "-14879000",
            "interestIncome": "2081000",
            "interestExpense": "16960000",
            "nonInterestIncome": "None",
            "otherNonOperatingIncome": "None",
            "depreciation": "None",
            "depreciationAndAmortization": "None",
            "incomeBeforeTax": "27573000",
            "incomeTaxExpense": "8899000",
            "interestAndDebtExpense": "None",
            "netIncomeFromContinuingOperations": "20413000",
            "comprehensiveIncomeNetOfTax": "None",
            "ebit": "27573000",
            "ebitda": "46463000",
            "netIncome": "20604000"
        },
        {
            "fiscalDateEnding": "2020-03-31",
            "reportedCurrency": "USD",
            "grossProfit": "223197000",
            "totalRevenue": "825635000",
            "costOfRevenue": "602438000",
            "costofGoodsAndServicesSold": "602438000",
            "operatingIncome": "113436000",
            "sellingGeneralAndAdministrative": "52961000",
            "researchAndDevelopment": "10056000",
            "operatingExpenses": "109761000",
            "investmentIncomeNet": "None",
            "netInterestIncome": "-16234000",
            "interestIncome": "2779000",
            "interestExpense": "19013000",
            "nonInterestIncome": "None",
            "otherNonOperatingIncome": "None",
            "depreciation": "None",
            "depreciationAndAmortization": "None",
            "incomeBeforeTax": "82180000",
            "incomeTaxExpense": "-29051000",
            "interestAndDebtExpense": "None",
            "netIncomeFromContinuingOperations": "111247000",
            "comprehensiveIncomeNetOfTax": "None",
            "ebit": "82180000",
            "ebitda": "100593000",
            "netIncome": "110631000"
        },
        {
            "fiscalDateEnding": "2019-12-31",
            "reportedCurrency": "USD",
            "grossProfit": "229502000",
            "totalRevenue": "919707000",
            "costOfRevenue": "690205000",
            "costofGoodsAndServicesSold": "690205000",
            "operatingIncome": "111426000",
            "sellingGeneralAndAdministrative": "64133000",
            "researchAndDevelopment": "10179000",
            "operatingExpenses": "118076000",
            "investmentIncomeNet": "None",
            "netInterestIncome": "-16755000",
            "interestIncome": "2979000",
            "interestExpense": "19734000",
            "nonInterestIncome": "None",
            "otherNonOperatingIncome": "None",
            "depreciation": "None",
            "depreciationAndAmortization": "None",
            "incomeBeforeTax": "92214000",
            "incomeTaxExpense": "25209000",
            "interestAndDebtExpense": "None",
            "netIncomeFromContinuingOperations": "67928000",
            "comprehensiveIncomeNetOfTax": "None",
            "ebit": "92214000",
            "ebitda": "112680000",
            "netIncome": "67737000"
        },
        {
            "fiscalDateEnding": "2019-09-30",
            "reportedCurrency": "USD",
            "grossProfit": "198914000",
            "totalRevenue": "759882000",
            "costOfRevenue": "560968000",
            "costofGoodsAndServicesSold": "560968000",
            "operatingIncome": "80107000",
            "sellingGeneralAndAdministrative": "61491000",
            "researchAndDevelopment": "11567000",
            "operatingExpenses": "118807000",
            "investmentIncomeNet": "None",
            "netInterestIncome": "-16661000",
            "interestIncome": "2579000",
            "interestExpense": "19240000",
            "nonInterestIncome": "None",
            "otherNonOperatingIncome": "None",
            "depreciation": "None",
            "depreciationAndAmortization": "None",
            "incomeBeforeTax": "63357000",
            "incomeTaxExpense": "10434000",
            "interestAndDebtExpense": "None",
            "netIncomeFromContinuingOperations": "55226000",
            "comprehensiveIncomeNetOfTax": "None",
            "ebit": "63357000",
            "ebitda": "88005000",
            "netIncome": "58331000"
        },
        {
            "fiscalDateEnding": "2019-06-30",
            "reportedCurrency": "USD",
            "grossProfit": "182642000",
            "totalRevenue": "1036275000",
            "costOfRevenue": "853633000",
            "costofGoodsAndServicesSold": "853633000",
            "operatingIncome": "60742000",
            "sellingGeneralAndAdministrative": "65735000",
            "researchAndDevelopment": "12133000",
            "operatingExpenses": "121900000",
            "investmentIncomeNet": "None",
            "netInterestIncome": "-16202000",
            "interestIncome": "4452000",
            "interestExpense": "20654000",
            "nonInterestIncome": "None",
            "otherNonOperatingIncome": "None",
            "depreciation": "None",
            "depreciationAndAmortization": "None",
            "incomeBeforeTax": "50468000",
            "incomeTaxExpense": "13951000",
            "interestAndDebtExpense": "None",
            "netIncomeFromContinuingOperations": "60257000",
            "comprehensiveIncomeNetOfTax": "None",
            "ebit": "50468000",
            "ebitda": "97287000",
            "netIncome": "62682000"
        },
        {
            "fiscalDateEnding": "2019-03-31",
            "reportedCurrency": "USD",
            "grossProfit": "107439000",
            "totalRevenue": "484719000",
            "costOfRevenue": "377280000",
            "costofGoodsAndServicesSold": "377280000",
            "operatingIncome": "6605000",
            "sellingGeneralAndAdministrative": "51423000",
            "researchAndDevelopment": "13166000",
            "operatingExpenses": "100834000",
            "investmentIncomeNet": "None",
            "netInterestIncome": "-19670000",
            "interestIncome": "-32971000",
            "interestExpense": "21699000",
            "nonInterestIncome": "None",
            "otherNonOperatingIncome": "None",
            "depreciation": "None",
            "depreciationAndAmortization": "None",
            "incomeBeforeTax": "-26366000",
            "incomeTaxExpense": "-7529000",
            "interestAndDebtExpense": "None",
            "netIncomeFromContinuingOperations": "-16856000",
            "comprehensiveIncomeNetOfTax": "None",
            "ebit": "-26366000",
            "ebitda": "-2995000",
            "netIncome": "-17165000"
        },
        {
            "fiscalDateEnding": "2018-12-31",
            "reportedCurrency": "USD",
            "grossProfit": "271309000",
            "totalRevenue": "901041000",
            "costOfRevenue": "629732000",
            "costofGoodsAndServicesSold": "629732000",
            "operatingIncome": "103032000",
            "sellingGeneralAndAdministrative": "81309000",
            "researchAndDevelopment": "15417000",
            "operatingExpenses": "168277000",
            "investmentIncomeNet": "None",
            "netInterestIncome": "None",
            "interestIncome": "14666000",
            "interestExpense": "23004000",
            "nonInterestIncome": "None",
            "otherNonOperatingIncome": "None",
            "depreciation": "None",
            "depreciationAndAmortization": "None",
            "incomeBeforeTax": "151231000",
            "incomeTaxExpense": "36689000",
            "interestAndDebtExpense": "None",
            "netIncomeFromContinuingOperations": "114097000",
            "comprehensiveIncomeNetOfTax": "None",
            "ebit": "151231000",
            "ebitda": "171275000",
            "netIncome": "111582000"
        },
        {
            "fiscalDateEnding": "2018-09-30",
            "reportedCurrency": "USD",
            "grossProfit": "200391000",
            "totalRevenue": "767970000",
            "costOfRevenue": "567579000",
            "costofGoodsAndServicesSold": "567579000",
            "operatingIncome": "95904000",
            "sellingGeneralAndAdministrative": "58862000",
            "researchAndDevelopment": "10143000",
            "operatingExpenses": "104487000",
            "investmentIncomeNet": "None",
            "netInterestIncome": "None",
            "interestIncome": "None",
            "interestExpense": "26839000",
            "nonInterestIncome": "None",
            "otherNonOperatingIncome": "None",
            "depreciation": "None",
            "depreciationAndAmortization": "None",
            "incomeBeforeTax": "79391000",
            "incomeTaxExpense": "13423000",
            "interestAndDebtExpense": "None",
            "netIncomeFromContinuingOperations": "68472000",
            "comprehensiveIncomeNetOfTax": "None",
            "ebit": "79391000",
            "ebitda": "106802000",
            "netIncome": "66540000"
        },
        {
            "fiscalDateEnding": "2018-06-30",
            "reportedCurrency": "USD",
            "grossProfit": "159435000",
            "totalRevenue": "650590000",
            "costOfRevenue": "491155000",
            "costofGoodsAndServicesSold": "491155000",
            "operatingIncome": "53938000",
            "sellingGeneralAndAdministrative": "56433000",
            "researchAndDevelopment": "9134000",
            "operatingExpenses": "105497000",
            "investmentIncomeNet": "None",
            "netInterestIncome": "None",
            "interestIncome": "None",
            "interestExpense": "26596000",
            "nonInterestIncome": "None",
            "otherNonOperatingIncome": "None",
            "depreciation": "None",
            "depreciationAndAmortization": "None",
            "incomeBeforeTax": "19620000",
            "incomeTaxExpense": "7766000",
            "interestAndDebtExpense": "None",
            "netIncomeFromContinuingOperations": "15973000",
            "comprehensiveIncomeNetOfTax": "None",
            "ebit": "19620000",
            "ebitda": "49931000",
            "netIncome": "15569000"
        },
        {
            "fiscalDateEnding": "2018-03-31",
            "reportedCurrency": "USD",
            "grossProfit": "143946000",
            "totalRevenue": "1424911000",
            "costOfRevenue": "1280965000",
            "costofGoodsAndServicesSold": "1280965000",
            "operatingIncome": "78247000",
            "sellingGeneralAndAdministrative": "48775000",
            "researchAndDevelopment": "9499000",
            "operatingExpenses": "65699000",
            "investmentIncomeNet": "None",
            "netInterestIncome": "None",
            "interestIncome": "None",
            "interestExpense": "29594000",
            "nonInterestIncome": "None",
            "otherNonOperatingIncome": "None",
            "depreciation": "None",
            "depreciationAndAmortization": "None",
            "incomeBeforeTax": "48247000",
            "incomeTaxExpense": "4092000",
            "interestAndDebtExpense": "None",
            "netIncomeFromContinuingOperations": "43886000",
            "comprehensiveIncomeNetOfTax": "None",
            "ebit": "48247000",
            "ebitda": "77063000",
            "netIncome": "43377000"
        },
        {
            "fiscalDateEnding": "2017-12-31",
            "reportedCurrency": "USD",
            "grossProfit": "218552000",
            "totalRevenue": "1108763000",
            "costOfRevenue": "890211000",
            "costofGoodsAndServicesSold": "890211000",
            "operatingIncome": "89077000",
            "sellingGeneralAndAdministrative": "69651000",
            "researchAndDevelopment": "8563000",
            "operatingExpenses": "129475000",
            "investmentIncomeNet": "None",
            "netInterestIncome": "None",
            "interestIncome": "None",
            "interestExpense": "33487000",
            "nonInterestIncome": "None",
            "otherNonOperatingIncome": "None",
            "depreciation": "None",
            "depreciationAndAmortization": "None",
            "incomeBeforeTax": "94267000",
            "incomeTaxExpense": "28936000",
            "interestAndDebtExpense": "None",
            "netIncomeFromContinuingOperations": "292911000",
            "comprehensiveIncomeNetOfTax": "None",
            "ebit": "94267000",
            "ebitda": "123826000",
            "netIncome": "61403000"
        },
        {
            "fiscalDateEnding": "2017-09-30",
            "reportedCurrency": "USD",
            "grossProfit": "159801000",
            "totalRevenue": "912223000",
            "costOfRevenue": "752422000",
            "costofGoodsAndServicesSold": "752422000",
            "operatingIncome": "57770000",
            "sellingGeneralAndAdministrative": "53328000",
            "researchAndDevelopment": "7271000",
            "operatingExpenses": "102031000",
            "investmentIncomeNet": "None",
            "netInterestIncome": "None",
            "interestIncome": "None",
            "interestExpense": "33656000",
            "nonInterestIncome": "None",
            "otherNonOperatingIncome": "None",
            "depreciation": "None",
            "depreciationAndAmortization": "None",
            "incomeBeforeTax": "12786000",
            "incomeTaxExpense": "6165000",
            "interestAndDebtExpense": "None",
            "netIncomeFromContinuingOperations": "-285254000",
            "comprehensiveIncomeNetOfTax": "None",
            "ebit": "12786000",
            "ebitda": "53114000",
            "netIncome": "13293000"
        },
        {
            "fiscalDateEnding": "2017-06-30",
            "reportedCurrency": "USD",
            "grossProfit": "167839000",
            "totalRevenue": "692366000",
            "costOfRevenue": "524527000",
            "costofGoodsAndServicesSold": "524527000",
            "operatingIncome": "83749000",
            "sellingGeneralAndAdministrative": "52950000",
            "researchAndDevelopment": "7318000",
            "operatingExpenses": "84090000",
            "investmentIncomeNet": "None",
            "netInterestIncome": "None",
            "interestIncome": "None",
            "interestExpense": "26717000",
            "nonInterestIncome": "None",
            "otherNonOperatingIncome": "None",
            "depreciation": "None",
            "depreciationAndAmortization": "None",
            "incomeBeforeTax": "44928000",
            "incomeTaxExpense": "8958000",
            "interestAndDebtExpense": "None",
            "netIncomeFromContinuingOperations": "109069000",
            "comprehensiveIncomeNetOfTax": "None",
            "ebit": "44928000",
            "ebitda": "73887000",
            "netIncome": "38212000"
        },
        {
            "fiscalDateEnding": "2017-03-31",
            "reportedCurrency": "USD",
            "grossProfit": "91406000",
            "totalRevenue": "677042000",
            "costOfRevenue": "585636000",
            "costofGoodsAndServicesSold": "585636000",
            "operatingIncome": "-2331000",
            "sellingGeneralAndAdministrative": "55070000",
            "researchAndDevelopment": "5624000",
            "operatingExpenses": "93737000",
            "investmentIncomeNet": "None",
            "netInterestIncome": "None",
            "interestIncome": "None",
            "interestExpense": "24111000",
            "nonInterestIncome": "None",
            "otherNonOperatingIncome": "None",
            "depreciation": "None",
            "depreciationAndAmortization": "None",
            "incomeBeforeTax": "-17458000",
            "incomeTaxExpense": "-3109000",
            "interestAndDebtExpense": "None",
            "netIncomeFromContinuingOperations": "-13743000",
            "comprehensiveIncomeNetOfTax": "None",
            "ebit": "-17458000",
            "ebitda": "7667000",
            "netIncome": "-13335000"
        }
    ]
}